@article{annapurna2024composition,
  title     = {Composition and source based aerosol classification using machine learning algorithms},
  author    = {Annapurna, SM and Anitha, M and Kumar, Lakshmi Sutha},
  journal   = {Advances in Space Research},
  volume    = {73},
  number    = {1},
  pages     = {474--497},
  year      = {2024},
  publisher = {Elsevier}
}

@article{bao2023retrieval,
  title     = {The retrieval of aerosol optical properties based on a random forest machine learning approach: Exploration of geostationary satellite images},
  author    = {Bao, Fangwen and Huang, Kai and Wu, Shengbiao},
  journal   = {Remote Sensing of Environment},
  volume    = {286},
  pages     = {113426},
  year      = {2023},
  publisher = {Elsevier}
}

@article{barahona2025deep,
  title     = {Deep learning representation of the aerosol size distribution},
  author    = {Barahona, Donifan and Breen, Katherine and Block, Karoline and Darmenov, Anton},
  journal   = {EGUsphere},
  volume    = {2025},
  pages     = {1--29},
  year      = {2025},
  publisher = {Copernicus Publications G{\"o}ttingen, Germany}
}

@article{bender2024machine,
  title   = {Machine Learning approach to investigating the relative importance of meteorological and aerosol-related parameters in determining cloud microphysical properties},
  author  = {Bender, Frida A-M and Lord, Tobias and Staffansdotter, Anna and Jung, Verena and Undorf, Sabine},
  journal = {Tellus B: Chemical and Physical Meteorology},
  volume  = {76},
  number  = {1},
  year    = {2024}
}

@article{berhane2024comprehensive,
  title     = {A Comprehensive Analysis of AOD and its Species from Reanalysis Data over the Middle East and North Africa Regions: Evaluation of Model Performance Using Machine Learning Techniques},
  author    = {Berhane, Samuel Abraham and Althaf, Pelati and Kumar, Kanike Raghavendra and Bu, Lingbing and Yao, Muxi},
  journal   = {Earth Systems and Environment},
  pages     = {1--26},
  year      = {2024},
  publisher = {Springer}
}

@article{chen2018machine,
  title     = {A machine learning method to estimate PM2. 5 concentrations across China with remote sensing, meteorological and land use information},
  author    = {Chen, Gongbo and Li, Shanshan and Knibbs, Luke D and Hamm, Nicholas AS and Cao, Wei and Li, Tiantian and Guo, Jianping and Ren, Hongyan and Abramson, Michael J and Guo, Yuming},
  journal   = {Science of the Total Environment},
  volume    = {636},
  pages     = {52--60},
  year      = {2018},
  publisher = {Elsevier}
}

@article{chen2019stacking,
  title     = {Stacking machine learning model for estimating hourly PM2. 5 in China based on Himawari 8 aerosol optical depth data},
  author    = {Chen, Jiangping and Yin, Jianhua and Zang, Lin and Zhang, Taixin and Zhao, Mengdi},
  journal   = {Science of The Total Environment},
  volume    = {697},
  pages     = {134021},
  year      = {2019},
  publisher = {Elsevier}
}

@article{chen2020estimating,
  title     = {Estimating PM2. 5 with high-resolution 1-km AOD data and an improved machine learning model over Shenzhen, China},
  author    = {Chen, Wenqian and Ran, Haofan and Cao, Xiaoyi and Wang, Jingzhe and Teng, Dexiong and Chen, Jing and Zheng, Xuan},
  journal   = {Science of the Total Environment},
  volume    = {746},
  pages     = {141093},
  year      = {2020},
  publisher = {Elsevier}
}

@article{chen2022machine,
  title     = {Machine learning reveals climate forcing from aerosols is dominated by increased cloud cover},
  author    = {Chen, Ying and Haywood, Jim and Wang, Yu and Malavelle, Florent and Jordan, George and Partridge, Daniel and Fieldsend, Jonathan and De Leeuw, Johannes and Schmidt, Anja and Cho, Nayeong and others},
  journal   = {Nature Geoscience},
  volume    = {15},
  number    = {8},
  pages     = {609--614},
  year      = {2022},
  publisher = {Nature Publishing Group UK London}
}

@article{chen2022obtaining,
  title     = {Obtaining vertical distribution of PM2. 5 from CALIOP data and machine learning algorithms},
  author    = {Chen, Bin and Song, Zhihao and Pan, Feng and Huang, Yue},
  journal   = {Science of The Total Environment},
  volume    = {805},
  pages     = {150338},
  year      = {2022},
  publisher = {Elsevier}
}

@article{choi2021first,
  title     = {A first approach to aerosol classification using space-borne measurement data: Machine learning-based algorithm and evaluation},
  author    = {Choi, Wonei and Lee, Hanlim and Park, Jeonghyeon},
  journal   = {Remote Sensing},
  volume    = {13},
  number    = {4},
  pages     = {609},
  year      = {2021},
  publisher = {MDPI}
}

@article{christopoulos2018machine,
  title     = {A machine learning approach to aerosol classification for single-particle mass spectrometry},
  author    = {Christopoulos, Costa D and Garimella, Sarvesh and Zawadowicz, Maria A and M{\"o}hler, Ottmar and Cziczo, Daniel J},
  journal   = {Atmospheric Measurement Techniques},
  volume    = {11},
  number    = {10},
  pages     = {5687--5699},
  year      = {2018},
  publisher = {Copernicus Publications G{\"o}ttingen, Germany}
}

@article{fuchs2018building,
  title     = {Building a cloud in the southeast Atlantic: understanding low-cloud controls based on satellite observations with machine learning},
  author    = {Fuchs, Julia and Cermak, Jan and Andersen, Hendrik},
  journal   = {Atmospheric Chemistry and Physics},
  volume    = {18},
  number    = {22},
  pages     = {16537--16552},
  year      = {2018},
  publisher = {Copernicus GmbH}
}

@article{gettelman2021machine,
  title     = {Machine learning the warm rain process},
  author    = {Gettelman, Andrew and Gagne, David John and Chen, C-C and Christensen, MW and Lebo, ZJ and Morrison, Hugh and Gantos, Gabrielle},
  journal   = {Journal of Advances in Modeling Earth Systems},
  volume    = {13},
  number    = {2},
  pages     = {e2020MS002268},
  year      = {2021},
  publisher = {Wiley Online Library}
}

@article{gong2022understanding,
  title     = {Understanding aerosol microphysical properties from 10 years of data collected at Cabo Verde based on an unsupervised machine learning classification},
  author    = {Gong, Xianda and Wex, Heike and M{\"u}ller, Thomas and Henning, Silvia and Voigtl{\"a}nder, Jens and Wiedensohler, Alfred and Stratmann, Frank},
  journal   = {Atmospheric Chemistry and Physics},
  volume    = {22},
  number    = {8},
  pages     = {5175--5194},
  year      = {2022},
  publisher = {Copernicus Publications G{\"o}ttingen, Germany}
}

@article{govindasamy2021machine,
  title     = {Machine learning models to quantify the influence of PM10 aerosol concentration on global solar radiation prediction in South Africa},
  author    = {Govindasamy, Tamara Rosemary and Chetty, Naven},
  journal   = {Cleaner Engineering and Technology},
  volume    = {2},
  pages     = {100042},
  year      = {2021},
  publisher = {Elsevier}
}

@article{gupta2021machine,
  title     = {Machine learning algorithm for estimating surface PM2. 5 in Thailand},
  author    = {Gupta, Pawan and Zhan, Shanshan and Mishra, Vikalp and Aekakkararungroj, Aekkapol and Markert, Amanda and Paibong, Sarawut and Chishtie, Farrukh},
  journal   = {Aerosol and Air Quality Research},
  volume    = {21},
  number    = {11},
  pages     = {210105},
  year      = {2021},
  publisher = {Springer}
}

@article{harder2022physics,
  title     = {Physics-informed learning of aerosol microphysics},
  author    = {Harder, Paula and Watson-Parris, Duncan and Stier, Philip and Strassel, Dominik and Gauger, Nicolas R and Keuper, Janis},
  journal   = {Environmental Data Science},
  volume    = {1},
  pages     = {e20},
  year      = {2022},
  publisher = {Cambridge University Press}
}

@article{heikkinen2021eight,
  title     = {Eight years of sub-micrometre organic aerosol composition data from the boreal forest characterized using a machine-learning approach},
  author    = {Heikkinen, Liine and {\"A}ij{\"a}l{\"a}, Mikko and Daellenbach, Kaspar R and Chen, Gang and Garmash, Olga and Aliaga, Diego and Graeffe, Frans and R{\"a}ty, Meri and Luoma, Krista and Aalto, Pasi and others},
  journal   = {Atmospheric Chemistry and Physics},
  volume    = {21},
  number    = {13},
  pages     = {10081--10109},
  year      = {2021},
  publisher = {Copernicus Publications G{\"o}ttingen, Germany}
}

@article{hughes2018machine,
  title     = {Machine learning to predict the global distribution of aerosol mixing state metrics},
  author    = {Hughes, Michael and Kodros, John K and Pierce, Jeffrey R and West, Matthew and Riemer, Nicole},
  journal   = {Atmosphere},
  volume    = {9},
  number    = {1},
  pages     = {15},
  year      = {2018},
  publisher = {MDPI}
}

@article{huttunen2016retrieval,
  title     = {Retrieval of aerosol optical depth from surface solar radiation measurements using machine learning algorithms, non-linear regression and a radiative transfer-based look-up table},
  author    = {Huttunen, Jani and Kokkola, Harri and Mielonen, Tero and Mononen, Mika Esa Juhani and Lipponen, Antti and Reunanen, Juha and Lindfors, Anders Vilhelm and Mikkonen, Santtu and Lehtinen, Kari Erkki Juhani and Kouremeti, Natalia and others},
  journal   = {Atmospheric Chemistry and Physics},
  volume    = {16},
  number    = {13},
  pages     = {8181--8191},
  year      = {2016},
  publisher = {Copernicus GmbH}
}

@article{jia2024analysis,
  title     = {Analysis of the cloud fraction adjustment to aerosols and its dependence on meteorological controls using explainable machine learning},
  author    = {Jia, Yichen and Andersen, Hendrik and Cermak, Jan},
  journal   = {Atmospheric Chemistry and Physics},
  volume    = {24},
  number    = {22},
  pages     = {13025--13045},
  year      = {2024},
  publisher = {Copernicus Publications G{\"o}ttingen, Germany}
}

@article{jiang2025integrating,
  title     = {Integrating Simulations and Observations: A Foundation Model for Estimating the Aerosol Mixing State Index},
  author    = {Jiang, Fei and Zheng, Zhonghua and Coe, Hugh and Healy, Robert M and Poulain, Laurent and Gros, Val{\'e}rie and Zhang, Hao and Li, Weijun and Liu, Dantong and West, Matthew and others},
  journal   = {ACS ES\&T Air},
  volume    = {2},
  number    = {5},
  pages     = {877--890},
  year      = {2025},
  publisher = {ACS Publications}
}

@article{jin2019machine,
  title     = {Machine learning for observation bias correction with application to dust storm data assimilation},
  author    = {Jin, Jianbing and Lin, Hai Xiang and Segers, Arjo and Xie, Yu and Heemink, Arnold},
  journal   = {Atmospheric Chemistry and Physics},
  volume    = {19},
  number    = {15},
  pages     = {10009--10026},
  year      = {2019},
  publisher = {Copernicus GmbH}
}

@article{johnson2018using,
  title     = {Using a gradient boosting model to improve the performance of low-cost aerosol monitors in a dense, heterogeneous urban environment},
  author    = {Johnson, Nicholas E and Bonczak, Bartosz and Kontokosta, Constantine E},
  journal   = {Atmospheric environment},
  volume    = {184},
  pages     = {9--16},
  year      = {2018},
  publisher = {Elsevier}
}

@article{just2018correcting,
  title     = {Correcting measurement error in satellite aerosol optical depth with machine learning for modeling PM2. 5 in the Northeastern USA},
  author    = {Just, Allan C and De Carli, Margherita M and Shtein, Alexandra and Dorman, Michael and Lyapustin, Alexei and Kloog, Itai},
  journal   = {Remote sensing},
  volume    = {10},
  number    = {5},
  pages     = {803},
  year      = {2018},
  publisher = {MDPI}
}

@article{just2020advancing,
  title     = {Advancing methodologies for applying machine learning and evaluating spatiotemporal models of fine particulate matter (PM2. 5) using satellite data over large regions},
  author    = {Just, Allan C and Arfer, Kodi B and Rush, Johnathan and Dorman, Michael and Shtein, Alexandra and Lyapustin, Alexei and Kloog, Itai},
  journal   = {Atmospheric Environment},
  volume    = {239},
  pages     = {117649},
  year      = {2020},
  publisher = {Elsevier}
}

@article{karimian2019evaluation,
  title     = {Evaluation of different machine learning approaches to forecasting PM2. 5 mass concentrations},
  author    = {Karimian, Hamed and Li, Qi and Wu, Chunlin and Qi, Yanlin and Mo, Yuqin and Chen, Gong and Zhang, Xianfeng and Sachdeva, Sonali},
  journal   = {Aerosol and Air Quality Research},
  volume    = {19},
  number    = {6},
  pages     = {1400--1410},
  year      = {2019},
  publisher = {Springer}
}

@article{karimian2023evaluation,
  title     = {Evaluation of different machine learning approaches and aerosol optical depth in PM2. 5 prediction},
  author    = {Karimian, Hamed and Li, Yaqian and Chen, Youliang and Wang, Zhaoru},
  journal   = {Environmental research},
  volume    = {216},
  pages     = {114465},
  year      = {2023},
  publisher = {Elsevier}
}

@article{kulkarni2022model,
  title     = {Which model to choose? Performance comparison of statistical and machine learning models in predicting PM2. 5 from high-resolution satellite aerosol optical depth},
  author    = {Kulkarni, Padmavati and Sreekanth, V and Upadhya, Adithi R and Gautam, Hrishikesh Chandra},
  journal   = {Atmospheric Environment},
  volume    = {282},
  pages     = {119164},
  year      = {2022},
  publisher = {Elsevier}
}

@article{kumar2022correcting,
  title     = {Correcting for filter-based aerosol light absorption biases at the Atmospheric Radiation Measurement program's Southern Great Plains site using photoacoustic measurements and machine learning},
  author    = {Kumar, Joshin and Paik, Theo and Shetty, Nishit J and Sheridan, Patrick and Aiken, Allison C and Dubey, Manvendra K and Chakrabarty, Rajan K},
  journal   = {Atmospheric Measurement Techniques},
  volume    = {15},
  number    = {15},
  pages     = {4569--4583},
  year      = {2022},
  publisher = {Copernicus Publications G{\"o}ttingen, Germany}
}

@article{lary2009machine,
  title     = {Machine learning and bias correction of MODIS aerosol optical depth},
  author    = {Lary, David John and Remer, LA and MacNeill, Devon and Roscoe, Bryan and Paradise, Susan},
  journal   = {IEEE Geoscience and Remote Sensing Letters},
  volume    = {6},
  number    = {4},
  pages     = {694--698},
  year      = {2009},
  publisher = {IEEE}
}

@article{lee2021air,
  title     = {Air quality forecasts improved by combining data assimilation and machine learning with satellite AOD},
  author    = {Lee, Seunghee and Park, Seohui and Lee, Myong-In and Kim, Ganghan and Im, Jungho and Song, Chang-Keun},
  journal   = {Geophysical Research Letters},
  volume    = {49},
  number    = {1},
  pages     = {e2021GL096066},
  year      = {2021},
  publisher = {Wiley Online Library}
}

@article{li2019predicting,
  title     = {Predicting ground-level PM2. 5 concentrations in the Beijing-Tianjin-Hebei region: A hybrid remote sensing and machine learning approach},
  author    = {Li, Xintong and Zhang, Xiaodong},
  journal   = {Environmental pollution},
  volume    = {249},
  pages     = {735--749},
  year      = {2019},
  publisher = {Elsevier}
}

@article{li2022aerosol,
  title     = {An aerosol classification scheme for global simulations using the K-means machine learning method},
  author    = {Li, Lili and Zhang, Xiaoye and Liu, Yanju and Wang, Yuesi and Che, Huizheng and Liu, Ying and Wang, Han and Wang, Zengping},
  journal   = {Atmospheric Chemistry and Physics},
  volume    = {22},
  number    = {1},
  pages     = {367--386},
  year      = {2022},
  publisher = {Copernicus GmbH},
  doi       = {10.5194/acp-22-367-2022}
}

@article{li2022projected,
  title     = {Projected aerosol changes driven by emissions and climate change using a machine learning method},
  author    = {Li, Huimin and Yang, Yang and Wang, Hailong and Wang, Pinya and Yue, Xu and Liao, Hong},
  journal   = {Environmental Science \& Technology},
  volume    = {56},
  number    = {7},
  pages     = {3884--3893},
  year      = {2022},
  publisher = {ACS Publications}
}

@article{liang2022prediction,
  title     = {Prediction of CCN spectra parameters in the North China Plain using a random forest model},
  author    = {Liang, Minghua and Tao, Jiangchuan and Ma, Nan and Kuang, Ye and Zhang, Yanyan and Wu, Sen and Jiang, Xuejuan and He, Yao and Chen, Chunrong and Yang, Wenda and others},
  journal   = {Atmospheric Environment},
  volume    = {289},
  pages     = {119323},
  year      = {2022},
  publisher = {Elsevier}
}

@article{liu2019satellite,
  title     = {Satellite-based PM2. 5 estimation directly from reflectance at the top of the atmosphere using a machine learning algorithm},
  author    = {Liu, Jianjun and Weng, Fuzhong and Li, Zhanqing},
  journal   = {Atmospheric Environment},
  volume    = {208},
  pages     = {113--122},
  year      = {2019},
  publisher = {Elsevier}
}

@article{logothetis2023aerosol,
  title     = {Aerosol optical properties and type retrieval via machine learning and an all-sky imager},
  author    = {Logothetis, Stavros-Andreas and Giannaklis, Christos-Panagiotis and Salamalikis, Vasileios and Tzoumanikas, Panagiotis and Raptis, Panagiotis-Ioannis and Amiridis, Vassilis and Eleftheratos, Kostas and Kazantzidis, Andreas},
  journal   = {Atmosphere},
  volume    = {14},
  number    = {8},
  pages     = {1266},
  year      = {2023},
  publisher = {MDPI}
}

@article{luo2018applying,
  title     = {Applying machine learning to estimate the optical properties of black carbon fractal aggregates},
  author    = {Luo, Jie and Zhang, Yongming and Wang, Feng and Wang, Jinjun and Zhang, Qixing},
  journal   = {Journal of Quantitative Spectroscopy and Radiative Transfer},
  volume    = {215},
  pages     = {1--8},
  year      = {2018},
  publisher = {Elsevier}
}

@article{marais2020leveraging,
  title     = {Leveraging spatial textures, through machine learning, to identify aerosols and distinct cloud types from multispectral observations},
  author    = {Marais, Willem J and Holz, Robert E and Reid, Jeffrey S and Willett, Rebecca M},
  journal   = {Atmospheric Measurement Techniques},
  volume    = {13},
  number    = {10},
  pages     = {5459--5480},
  year      = {2020},
  publisher = {Copernicus Publications G{\"o}ttingen, Germany}
}

@article{mi2024exploring,
  title     = {Exploring impacts of aerosol on convective clouds using satellite remote sensing and machine learning},
  author    = {Mi, Jiaqin and Yang, Yuanjian and Zhou, Shuxue and Ma, Xiaoyan and Wei, Siying},
  journal   = {Journal of Applied Remote Sensing},
  volume    = {18},
  number    = {1},
  pages     = {012007--012007},
  year      = {2024},
  publisher = {Society of Photo-Optical Instrumentation Engineers}
}

@article{minh2021pm2,
  title     = {PM2. 5 forecast system by using machine learning and WRF model, a case study: Ho Chi Minh City, Vietnam},
  author    = {Minh, Vo Thi Tam and Tin, Tran Trung and Hien, To Thi},
  journal   = {Aerosol and Air Quality Research},
  volume    = {21},
  number    = {12},
  pages     = {210108},
  year      = {2021},
  publisher = {Springer}
}

@article{nabavi2018prediction,
  title     = {Prediction of aerosol optical depth in West Asia using deterministic models and machine learning algorithms},
  author    = {Nabavi, Seyed Omid and Haimberger, Leopold and Abbasi, Reyhaneh and Samimi, Cyrus},
  journal   = {Aeolian research},
  volume    = {35},
  pages     = {69--84},
  year      = {2018},
  publisher = {Elsevier}
}

@article{nair2020using,
  title     = {Using machine learning to derive cloud condensation nuclei number concentrations from commonly available measurements},
  author    = {Nair, Arshad Arjunan and Yu, Fangqun},
  journal   = {Atmospheric chemistry and physics},
  volume    = {20},
  number    = {21},
  pages     = {12853--12869},
  year      = {2020},
  publisher = {Copernicus GmbH}
}

@article{nair2021machine,
  title     = {Machine learning uncovers aerosol size information from chemistry and meteorology to quantify potential cloud-forming particles},
  author    = {Nair, Arshad Arjunan and Yu, Fangqun and Campuzano-Jost, Pedro and DeMott, Paul J and Levin, Ezra JT and Jimenez, Jose L and Peischl, Jeff and Pollack, Ilana B and Fredrickson, Carley D and Beyersdorf, Andreas J and others},
  journal   = {Geophysical Research Letters},
  volume    = {48},
  number    = {21},
  pages     = {e2021GL094133},
  year      = {2021},
  publisher = {Wiley Online Library}
}

@article{ningombam2024aerosol,
  title     = {Aerosol classification by application of machine learning spectral clustering algorithm},
  author    = {Ningombam, Shantikumar S and Larson, EJL and Indira, G and Madhavan, BL and Khatri, Pradeep},
  journal   = {Atmospheric Pollution Research},
  volume    = {15},
  number    = {3},
  pages     = {102026},
  year      = {2024},
  publisher = {Elsevier}
}

@article{park2023new,
  title     = {A New CCN Number Concentration Prediction Method Based on Multiple Linear Regression and Non-Negative Matrix Factorization: 1. Development, Validation, and Comparison Using the Measurement Data Over the Korean Peninsula},
  author    = {Park, Minsu and Yum, Seong Soo and Seo, Pyosuk and Kim, Najin and Ahn, Chanwoo},
  journal   = {Journal of Geophysical Research: Atmospheres},
  volume    = {128},
  number    = {22},
  pages     = {e2023JD039189},
  year      = {2023},
  publisher = {Wiley Online Library}
}

@article{redemann2024machine,
  title     = {A machine learning paradigm for necessary observations to reduce uncertainties in aerosol climate forcing},
  author    = {Redemann, Jens and Gao, Lan},
  journal   = {Nature Communications},
  volume    = {15},
  number    = {1},
  pages     = {8343},
  year      = {2024},
  publisher = {Nature Publishing Group UK London}
}

@article{reid2015spatiotemporal,
  title     = {Spatiotemporal prediction of fine particulate matter during the 2008 northern California wildfires using machine learning},
  author    = {Reid, Colleen E and Jerrett, Michael and Petersen, Maya L and Pfister, Gabriele G and Morefield, Philip E and Tager, Ira B and Raffuse, Sean M and Balmes, John R},
  journal   = {Environmental science \& technology},
  volume    = {49},
  number    = {6},
  pages     = {3887--3896},
  year      = {2015},
  publisher = {ACS Publications}
}

@article{rejano2024ccn,
  title     = {CCN estimations at a high-altitude remote site: role of organic aerosol variability and hygroscopicity},
  author    = {Rejano, Fernando and Casans, Andrea and Via, Marta and Casquero-Vera, Juan Andr{\'e}s and Castillo, Sonia and Lyamani, Hassan and Cazorla, Alberto and Andrews, Elisabeth and P{\'e}rez-Ram{\'\i}rez, Daniel and Alastuey, Andr{\'e}s and others},
  journal   = {Atmospheric Chemistry and Physics},
  volume    = {24},
  number    = {24},
  pages     = {13865--13888},
  year      = {2024},
  publisher = {Copernicus Publications G{\"o}ttingen, Germany}
}

@article{ren2020prediction,
  title     = {Prediction of aerosol particle size distribution based on neural network},
  author    = {Ren, Yali and Mao, Jiandong and Zhao, Hu and Zhou, Chunyan and Gong, Xin and Rao, Zhimin and Wang, Qiang and Zhang, Yi},
  journal   = {Advances in Meteorology},
  volume    = {2020},
  number    = {1},
  pages     = {5074192},
  year      = {2020},
  publisher = {Wiley Online Library}
}

@article{shen2024improving,
  title     = {Improving BC mixing state and CCN activity representation with machine learning in the Community Atmosphere Model Version 6 (CAM6)},
  author    = {Shen, Wenxiang and Wang, Minghuai and Riemer, Nicole and Zheng, Zhonghua and Liu, Yawen and Dong, Xinyi},
  journal   = {Journal of Advances in Modeling Earth Systems},
  volume    = {16},
  number    = {1},
  pages     = {e2023MS003889},
  year      = {2024},
  publisher = {Wiley Online Library}
}

@article{shi2022aerosol,
  title     = {Aerosol iron solubility specification in the global marine atmosphere with machine learning},
  author    = {Shi, Jinhui and Guan, Yang and Gao, Huiwang and Yao, Xiaohong and Wang, Renzheng and Zhang, Daizhou},
  journal   = {Environmental Science \& Technology},
  volume    = {56},
  number    = {22},
  pages     = {16453--16461},
  year      = {2022},
  publisher = {ACS Publications}
}

@article{siomos2020automated,
  title     = {Automated aerosol classification from spectral UV measurements using machine learning clustering},
  author    = {Siomos, Nikolaos and Fountoulakis, Ilias and Natsis, Athanasios and Drosoglou, Theano and Bais, Alkiviadis},
  journal   = {Remote Sensing},
  volume    = {12},
  number    = {6},
  pages     = {965},
  year      = {2020},
  publisher = {MDPI}
}

@article{song2022understanding,
  title     = {Understanding sources and drivers of size-resolved aerosol in the high Arctic islands of Svalbard using a receptor model coupled with machine learning},
  author    = {Song, Congbo and Becagli, Silvia and Beddows, David CS and Brean, James and Browse, Jo and Dai, Qili and Dall’Osto, Manuel and Ferracci, Valerio and Harrison, Roy M and Harris, Neil and others},
  journal   = {Environmental Science \& Technology},
  volume    = {56},
  number    = {16},
  pages     = {11189--11198},
  year      = {2022},
  publisher = {ACS Publications}
}

@article{song2023lightning,
  title     = {Lightning nowcasting with aerosol-informed machine learning and satellite-enriched dataset},
  author    = {Song, Ge and Li, Siwei and Xing, Jia},
  journal   = {npj Climate and Atmospheric Science},
  volume    = {6},
  number    = {1},
  pages     = {126},
  year      = {2023},
  publisher = {Nature Publishing Group UK London}
}

@article{stirnberg2020mapping,
  title     = {Mapping and understanding patterns of air quality using satellite data and machine learning},
  author    = {Stirnberg, Roland and Cermak, Jan and Fuchs, Julia and Andersen, Hendrik},
  journal   = {Journal of Geophysical Research: Atmospheres},
  volume    = {125},
  number    = {4},
  pages     = {e2019JD031380},
  year      = {2020},
  publisher = {Wiley Online Library}
}

@article{wang2020machine,
  title     = {A machine-learning-based cloud detection and thermodynamic-phase classification algorithm using passive spectral observations},
  author    = {Wang, Chenxi and Platnick, Steven and Meyer, Kerry and Zhang, Zhibo and Zhou, Yaping},
  journal   = {Atmospheric Measurement Techniques},
  volume    = {13},
  number    = {5},
  pages     = {2257--2277},
  year      = {2020},
  publisher = {Copernicus GmbH}
}

@article{wang2022machine,
  title     = {Machine learning and theoretical analysis release the non-linear relationship among ozone, secondary organic aerosol and volatile organic compounds},
  author    = {Wang, Feng and Zhang, Zhongcheng and Wang, Gen and Wang, Zhenyu and Li, Mei and Liang, Weiqing and Gao, Jie and Wang, Wei and Chen, Da and Feng, Yinchang and others},
  journal   = {Journal of Environmental Sciences},
  volume    = {114},
  pages     = {75--84},
  year      = {2022},
  publisher = {Elsevier}
}

@article{wang2024linking,
  title     = {Linking Precursors and Volatility of Ambient Oxygenated Organic Aerosols Using Thermal Desorption Measurement and Machine Learning},
  author    = {Wang, Xinyu and Zhao, Yongyi and Hu, Ke and Wang, Jian and Wang, Qiongqiong and Chen, Nan and Zhu, Bo and Zhang, Hong-Hai and Yu, Huan},
  journal   = {ACS ES\&T Air},
  volume    = {1},
  number    = {10},
  pages     = {1239--1251},
  year      = {2024},
  publisher = {ACS Publications}
}

@article{wang2024predictions,
  title     = {Predictions of the Optical Properties of Brown Carbon Aerosol by Machine Learning with Typical Chromophores},
  author    = {Wang, Ying and Huang, Ru-Jin and Zhong, Haobin and Wang, Ting and Yang, Lu and Yuan, Wei and Xu, Wei and An, Zhisheng},
  journal   = {Environmental Science \& Technology},
  volume    = {58},
  number    = {46},
  pages     = {20588--20597},
  year      = {2024},
  publisher = {ACS Publications}
}

@article{wu2025estimating,
  title     = {Estimating the atmospheric aerosol number size distribution using deep learning},
  author    = {Wu, Yusheng and Zaidan, Martha Arbayani and Cai, Runlong and Duplissy, Jonathan and Okuljar, Magdalena and Lehtipalo, Katrianne and Pet{\"a}j{\"a}, Tuukka and Kangasluoma, Juha},
  journal   = {Environmental Science: Atmospheres},
  volume    = {5},
  number    = {3},
  pages     = {367--377},
  year      = {2025},
  publisher = {Royal Society of Chemistry}
}

@article{xiao2018ensemble,
  title     = {An ensemble machine-learning model to predict historical PM2. 5 concentrations in China from satellite data},
  author    = {Xiao, Qingyang and Chang, Howard H and Geng, Guannan and Liu, Yang},
  journal   = {Environmental science \& technology},
  volume    = {52},
  number    = {22},
  pages     = {13260--13269},
  year      = {2018},
  publisher = {ACS Publications}
}

@article{xu2018evaluation,
  title     = {Evaluation of machine learning techniques with multiple remote sensing datasets in estimating monthly concentrations of ground-level PM2. 5},
  author    = {Xu, Yongming and Ho, Hung Chak and Wong, Man Sing and Deng, Chengbin and Shi, Yuan and Chan, Ta-Chien and Knudby, Anders},
  journal   = {Environmental pollution},
  volume    = {242},
  pages     = {1417--1426},
  year      = {2018},
  publisher = {Elsevier}
}

@article{yeom2021estimation,
  title     = {Estimation of the hourly aerosol optical depth from GOCI geostationary satellite data: deep neural network, machine learning, and physical models},
  author    = {Yeom, Jong-Min and Jeong, Seungtaek and Ha, Jong-Sung and Lee, Kwon-Ho and Lee, Chang-Suk and Park, Seonyoung},
  journal   = {IEEE Transactions on Geoscience and Remote Sensing},
  volume    = {60},
  pages     = {1--12},
  year      = {2021},
  publisher = {IEEE}
}

@article{yorks2021aerosol,
  title     = {Aerosol and cloud detection using machine learning algorithms and space-based lidar data},
  author    = {Yorks, John E and Selmer, Patrick A and Kupchock, Andrew and Nowottnick, Edward P and Christian, Kenneth E and Rusinek, Daniel and Dacic, Natasha and McGill, Matthew J},
  journal   = {Atmosphere},
  volume    = {12},
  number    = {5},
  pages     = {606},
  year      = {2021},
  publisher = {Mdpi}
}

@article{yu2022use,
  title     = {Use of machine learning to reduce uncertainties in particle number concentration and aerosol indirect radiative forcing predicted by climate models},
  author    = {Yu, Fangqun and Luo, Gan and Nair, Arshad Arjunan and Tsigaridis, Kostas and Bauer, Susanne E},
  journal   = {Geophysical Research Letters},
  volume    = {49},
  number    = {16},
  pages     = {e2022GL098551},
  year      = {2022},
  publisher = {Wiley Online Library}
}

@article{zhang2025ensemble,
  title     = {An Ensemble Machine Learning Approach for Predicting Sources of Organic Aerosols Measured by Aerosol Mass Spectrometry},
  author    = {Zhang, Yunjiang and Fang, Jie and Meng, Qingxiao and Ge, Xinlei and Chebaicheb, Hasna and Favez, Olivier and Petit, Jean-Eudes},
  journal   = {ACS ES\&T Air},
  year      = {2025},
  publisher = {ACS Publications}
}

@article{zhao2022simulating,
  title     = {Simulating the radiative forcing of oceanic dimethylsulfide (DMS) in Asia based on machine learning estimates},
  author    = {Zhao, Junri and Ma, Weichun and Bilsback, Kelsey R and Pierce, Jeffrey R and Zhou, Shengqian and Chen, Ying and Yang, Guipeng and Zhang, Yan},
  journal   = {Atmospheric Chemistry and Physics},
  volume    = {22},
  number    = {14},
  pages     = {9583--9600},
  year      = {2022},
  publisher = {Copernicus GmbH}
}

@article{zhao2024studying,
  title     = {Studying the Aerosol Effect on Deep Convective Clouds over the Global Oceans by Applying Machine Learning Techniques on Long-Term Satellite Observation},
  author    = {Zhao, Xuepeng and Frech, James and Foster, Michael J and Heidinger, Andrew K},
  journal   = {Remote Sensing},
  volume    = {16},
  number    = {13},
  pages     = {2487},
  year      = {2024},
  publisher = {MDPI}
}

@article{zheng2021estimating,
  title     = {Estimating submicron aerosol mixing state at the global scale with machine learning and Earth system modeling},
  author    = {Zheng, Zhonghua and Curtis, Jeffrey H and Yao, Yu and Gasparik, Jessica T and Anantharaj, Valentine G and Zhao, Lei and West, Matthew and Riemer, Nicole},
  journal   = {Earth and Space Science},
  volume    = {8},
  number    = {2},
  pages     = {e2020EA001500},
  year      = {2021},
  publisher = {Wiley Online Library}
}

@article{zheng2021quantifying,
  title     = {Quantifying the structural uncertainty of the aerosol mixing state representation in a modal model},
  author    = {Zheng, Zhonghua and West, Matthew and Zhao, Lei and Ma, Po-Lun and Liu, Xiaohong and Riemer, Nicole},
  journal   = {Atmospheric Chemistry and Physics},
  volume    = {21},
  number    = {23},
  pages     = {17727--17741},
  year      = {2021},
  publisher = {Copernicus GmbH}
}